<record xmlns='http://www.loc.gov/MARC21/slim'><leader>02546cim a22003372u 4500</leader><controlfield tag='001'>3605514</controlfield><controlfield tag='005'>20151214183539.0</controlfield><controlfield tag='007'>ss|lmnjluz|nuu</controlfield><controlfield tag='008'>991101s1995    nyunnn         l    eng d</controlfield><datafield ind1=' ' ind2=' ' tag='035'><subfield code='a'>(NIC)notisASG2579</subfield></datafield><datafield ind1=' ' ind2=' ' tag='035'><subfield code='a'>3605514</subfield></datafield><datafield ind1=' ' ind2=' ' tag='035'><subfield code='a'>(OCoLC)63904840</subfield></datafield><datafield ind1=' ' ind2=' ' tag='040'><subfield code='a'>NIC</subfield><subfield code='c'>NIC</subfield><subfield code='d'>NIC</subfield></datafield><datafield ind1='1' ind2=' ' tag='100'><subfield code='a'>Dao, Bei.</subfield></datafield><datafield ind1='1' ind2='0' tag='245'><subfield code='a'>Bei Dao and contemporary chinese poetry</subfield><subfield code='h'>[sound recording]</subfield></datafield><datafield ind1=' ' ind2=' ' tag='260'><subfield code='c'>1995.</subfield></datafield><datafield ind1=' ' ind2=' ' tag='300'><subfield code='a'>2 sound cassettes (102 min.) :</subfield><subfield code='b'>analog, mono.</subfield></datafield><datafield ind1=' ' ind2=' ' tag='500'><subfield code='a'>Recorded in Ithaca, NY by Cornell University.</subfield></datafield><datafield ind1=' ' ind2=' ' tag='500'><subfield code='a'>Accompanied by: Conference program;List of poems read by Bei Dao (list in English);Handouts to accompany Lazer&apos;s talk: Five poems by Che Qianzi (in Chinese and with English translations).</subfield></datafield><datafield ind1=' ' ind2=' ' tag='500'><subfield code='a'>Sponsored by: University Lectures Committee,Society for the Humanities,Cornell Council for the Arts,Office of the Dean, College of Arts and Sciences,Comparative Literature, Department of,English, Department of,German Studies, Department of,Romance Studies, Department,Theatre Arts, Department of,Africana Studies and Research Center,Asian-American Studies Program,Creative Writing Program, Department of English,East Asia Program,Hispanic-American Studies Program,Women&apos;s Studies Program.</subfield></datafield><datafield ind1=' ' ind2=' ' tag='500'><subfield code='a'>Speaker(s): Dao is a Chinese poet.  Huang is from SUNY-Buffalo.  Zhen, Gunther and Lazer are from the University of Alabama.</subfield></datafield><datafield ind1='0' ind2=' ' tag='505'><subfield code='a'>Bei Dao reads from his work. -- The reception of Chinese poetry in the U.S. -- Against the allegorical typology: new trends in contemporary Chinese poetry. -- Metamorphosing poetics: writing the body, writing the text. -- Character, self, and sumbol: the poetry of Che Qianzi and Bei Dao.</subfield></datafield><datafield ind1=' ' ind2=' ' tag='518'><subfield code='a'>Reading and Panel, March 31, 1995, 8:00pm, HEC Aud., Goldwin Smith.</subfield></datafield><datafield ind1=' ' ind2=' ' tag='520'><subfield code='a'>After four local scholars read one poem each by Bei Dau in English, the author reads his work in the original Chinese.  Huang discusses the acceptance and interpretation of this and other Chinese poetry in the United States. Gunther comments on the body as a metaphor both within and without poetry. Zheng speaks on the course of general trends in contemporary Chinese poetry. Lazer elaborates on the visual structure of Chinese poetry in its original characters versus English translations (see handouts).</subfield></datafield><datafield ind1='1' ind2=' ' tag='700'><subfield code='a'>Lazer, Hank.</subfield></datafield><datafield ind1='1' ind2=' ' tag='700'><subfield code='a'>Gunther, Robin.</subfield></datafield><datafield ind1='1' ind2=' ' tag='700'><subfield code='a'>Zhen, Zheng.</subfield></datafield><datafield ind1='1' ind2=' ' tag='700'><subfield code='a'>Huang, Yunte.</subfield></datafield><datafield ind1=' ' ind2='0' tag='830'><subfield code='a'>Past, present, future tense: a conference on contemporary poetry.</subfield></datafield><datafield ind1='1' ind2=' ' tag='899'><subfield code='a'>CULectures</subfield></datafield><datafield ind1=' ' ind2=' ' tag='905'><subfield code='a'>19991201120000.0</subfield></datafield></record>